<?xml version="1.0" encoding="UTF-8"?><record xmlns="http://www.loc.gov/MARC21/slim" xmlns:cinclude="http://apache.org/cocoon/include/1.0" xmlns:zs="http://www.loc.gov/zing/srw/">
  <leader>00445nz  a2200145n  4500</leader>
  <controlfield tag="001">no2003030285</controlfield>
  <controlfield tag="003">DLC</controlfield>
  <controlfield tag="005">20030328071052.0</controlfield>
  <controlfield tag="008">030327n| acannaabn          |n aaa     c</controlfield>
  <datafield tag="010" ind1=" " ind2=" ">
    <subfield code="a">no2003030285</subfield>
  </datafield>
  <datafield tag="035" ind1=" " ind2=" ">
    <subfield code="a">(OCoLC)oca06009421</subfield>
  </datafield>
  <datafield tag="040" ind1=" " ind2=" ">
    <subfield code="a">NBuU</subfield>
    <subfield code="b">eng</subfield>
    <subfield code="c">NBuU</subfield>
  </datafield>
  <datafield tag="100" ind1="1" ind2=" ">
    <subfield code="a">Franklin, Stephen,</subfield>
    <subfield code="d">1922-</subfield>
  </datafield>
  <datafield tag="670" ind1=" " ind2=" ">
    <subfield code="a">The heroes, c1967:</subfield>
    <subfield code="b">t.p. (Stephen Franklin)</subfield>
  </datafield>
  <datafield tag="670" ind1=" " ind2=" ">
    <subfield code="a">AMICUS, Mar. 24, 2003</subfield>
    <subfield code="b">(hdg.: Franklin, Stephen, 1922- ; usage: Stephen Franklin)</subfield>
  </datafield>
</record>